@article{lawvere1979categorical,
  title={Categorical dynamics},
  author={Lawvere, F William},
  journal={Topos theoretic methods in geometry},
  volume={30},
  pages={1--28},
  year={1979},
  publisher={Mathematical Institute, Aarhus University Various Publications}
}
@book{Moerdijk:1991aa,
	author = {Ieke Moerdijk and Gonzalo E. Reyes},
	date-added = {2020-12-27 00:30:25 +0900},
	date-modified = {2020-12-27 00:35:25 +0900},
	doi = {10.1007/978-1-4757-4143-8},
	isbn = {978-1-4419-3095-8},
	publisher = {Springer-Verlag New York},
	title = {Models for Smooth Infinitesimal Analysis},
	year = {1991}}
