@article{lawvere1979categorical,
  title={Categorical dynamics},
  author={Lawvere, F William},
  journal={Topos theoretic methods in geometry},
  volume={30},
  pages={1--28},
  year={1979},
  publisher={Mathematical Institute, Aarhus University Various Publications, Number 30~â€¦}
}